@article{bernal2014engineering,
  title={Engineering and durability properties of alkali-activated slag concretes},
  author={Bernal, Susan A and de Guti{\'e}rrez, Rodrigo M and Provis, John L},
  journal={Construction and Building Materials},
  volume={33},
  pages={99--108},
  year={2014},
  publisher={Elsevier},
  doi={10.1016/j.conbuildmat.2012.12.017}
}

@article{ke2021one,
  title={One-part alkali-activated materials: State-of-the-art and perspectives},
  author={Ke, Xiaoyan and Bernal, Susan A and Provis, John L},
  journal={Cement and Concrete Research},
  volume={140},
  pages={106336},
  year={2021},
  publisher={Elsevier},
  doi={10.1016/j.cemconres.2020.106336}
}

@article{provis2014geopolymers,
  title={Geopolymers and related alkali-activated materials},
  author={Provis, John L and Bernal, Susan A},
  journal={Annual Review of Materials Research},
  volume={44},
  pages={299--327},
  year={2014},
  publisher={Annual Reviews},
  doi={10.1146/annurev-matsci-070813-113515}
}

@article{provis2018alkali,
  title={Alkali-activated materials},
  author={Provis, John L},
  journal={Nature Reviews Materials},
  volume={3},
  number={6},
  pages={276--277},
  year={2018},
  publisher={Nature Publishing Group},
  doi={10.1038/s41578-018-0031-9}
}

@techreport{IEA_WBCSD_2009,
  title        = {Cement Technology Roadmap 2009: Carbon Emissions Reductions up to 2050},
  author       = {IEA and WBCSD},
  year         = {2009},
  address      = {Paris, France and Geneva, Switzerland},
  url          = {https://www.iea.org/reports/cement-technology-roadmap-2009},
}

@article{andrew2018global,
  title={Global CO 2 emissions from cement production},
  author={Andrew, Robbie M},
  journal={Earth System Science Data},
  volume={10},
  number={1},
  pages={195--217},
  year={2018},
  publisher={Copernicus GmbH}
}

@article{muller2008turn,
  title={How to turn around the trend of cement related emissions in the developing world},
  author={M{\"u}ller, Nicolas and Harnisch, Jochen and Mesguen, JP},
  journal={WWF—Lafarge Conservation Partnership: Gland, Switzerland},
  year={2008}
}

@article{scrivener2018eco,
  title={Eco-efficient cements: Potential economically viable solutions for a low-CO2 cement-based materials industry},
  author={Scrivener, Karen L and John, Vanderley M and Gartner, Ellis M},
  journal={Cement and concrete Research},
  volume={114},
  pages={2--26},
  year={2018},
  publisher={Elsevier}
}

@book{united1995world,
  title={World population prospects: The 1994 revision},
  author={United Nations. Population Division},
  number={145},
  year={1995},
  publisher={UN}
}

@INPROCEEDINGS{Arystides1994,
  author = {Brayner Arystides and Carlos Santos de Medeiros},
  title = {Incorporação de Tempo em {SGBD} Orientado a Objeto},
  booktitle = {},
  year = {1995},
  pages = {90--98},
  address = {Petrolina},
  organization = {Simpósio Brasileiro de Banco de Dados},
  publisher = {EMBRAPA},
  conference-number = {13},
  conference-year = {1996},
  conference-location = {Petrolina},
  owner = {ffs},
}

@INPROCEEDINGS{Assenmacher1993,
  author = {Hans Assenmacher and Tedy Breitbach and Paul Buhler and Visk H{\"u}bsch and Robert Schwarz},
  title = {{P}anda},
  booktitle = {},
  year = {1993},
  pages = {361-383},
  address = {Berlin},
  organization = {European Conference on Object-Oriented Programming},
  publisher = {Springer},
  note = {(Lecture Notes in Computer Science, v. 707)},
  conference-number = {7},
  conference-year = {1993},
  conference-location = {Kaiserslautern},
  subtitle = {supporting Distributed Programming in {L}++},
}




@INPROCEEDINGS{baddamRDVFS,
  author = {K. BADDAM and M. ZWOLINSKI},
  title = {Evaluation of Dynamic Voltage and Frequency Scaling as a Differential Power Analysis Countermeasure},
  booktitle = {},
  year = {2007},
  pages = {854-862},
  address = {Psicataway},
  organization = {European Conference on Object-Oriented Programming},
  publisher = {IEEE},
  note = {},
  conference-number = {20},
  conference-year = {2007},
  conference-location = {Bangalore},
  subtitle = {},
}


@MANUAL{Callaghan1995,
  title = {{NFS} version 3 protocol specification},
  author = {B. Callaghan and B. Pawlowski and P. Staubach},
  organization = {Internet Engineering Task Force, Network Working Group},
  address = {London},
  year = {1995},
  pages = {68},
  pagename = {p.},
  subtitle = {{RFC} 1831},
}

@ARTICLE{Caromel1998,
  author = {D. Caromel and W. Klauser and J. Vayssiere},
  title = {Towards Seamless Computing and Metacomputing in {J}ava},
  journal = {Concurrency in Practice and Experience},
  year = {1998},
  volume = {10},
  number = {11--13},
  pages = {1043--1061},
  month = sep # {/} # nov,
  xpublisher = {Wiley \& Sons},
  xaddress = {West Sussex},
  editor = {Geoffrey C. Fox},
  note = {Available at: \url{http://www-sop.inria.fr/~sloop/javall/index.html}. Accessed on: 20 fev. 2000},
}

@INPROCEEDINGS{Joea2003,
  author = {John Gi Joea and Joe Gi John},
  title = {Importance of Coffee in Computer Sciences},
  year = {2003},
  pages = {99--100},
  crossref = {COFFEE2000},
}
@PROCEEDINGS{COFFEE2000,
  title = {Traditions around Colombian coffee},
  year = {2000},
  address = {Java Island},
  publisher = {Java Island Press},
  month = jan,
  organization = {Conference on Coffee Importance},
  conference-number = {1},
  conference-year = {2000},
  conference-location = {Java Island},
  key = {COFFEE},
  booktitle = {},
}

@TECHREPORT{Furmento1995,
  author = {Nathalie Furmento and Yves Roudier and G{\"u}nther Siegel},
  title = {Parall{\'e}lisme et distribution en {C}++},
  year = {1995},
  subtitle = {une Revue des Langages Existants},
  number = {RR~95-02},
  address = {Valbonne},
  note = {(RR~95-02)},
  institution = {I3S, Universit\'{e} de Nice Sophia-Antipolis},
  url = {http://www-sop.inria.br/science/skd.gz},
  urlaccessdate = {29 fev. 2003},
}


@THESIS{Morgado2003,
  author = {Morgado, M. L. C.},
  title = {Reimplante dentário},
  school = {Faculdade de Odontologia, Universidade Federal do Nananana},
  year = {2003},
  type = {Trabalho de Conclusão de Curso (Especialização do curso)},
  address = {São Paulo},
  owner = {ffs},
}

@THESIS{Patagonios2001,
  author = {Jackson Patagonios},
  title = {Um exemplo de TG},
  school = {Instituto Te{\'o}rico Aeroglifo},
	pages = {98},  
  type = {Trabalho de Conclus{\~a}o de Curso (Gradua{\c{c}}{\~a}o em Engenharia de Computa{\c{c}}{\~a}o)},
	address = {Santa Pindamonhangaba},
	year = {2001},
}

@MASTERSTHESIS{Nascimento1970,
  author = {Edson Arantes do Nascimento},
  title = {An{\'a}lise de curvas curvil{\'\i}neas da trajet{\'o}ria da bola},
  school = {Cosmos University},
  type = {Mestrado em Ci{\^e}ncia do Futebol},
  address = {Cidade do Cabo},
  pages = {36},
  pagename = {f.},
  year = {1971},
  year-presented = {1970},
}

@MASTERSTHESIS{Sbornian2002,
  author = {Wilson Sbornian},
  title = {Um exemplo de disserta{\c{c}}{\~a}o de mestrado},
  school = {Instituto de Alguma Coisa, Universidade Sei L{\'a} de Onde},
  type = {Mestrado em Ci{\^e}ncia da Computa{\c{c}}{\~a}o},
  address = {Santa Pindamonhangaba},
  pages = {98},
  url = {http://www.santapinda.edu/\~{}sbor/dissert.pdf},
  pagename = {f.},
  urlaccessdate = {25 fev. 2002},
  year = {2002},
  year-presented = {2002}
}

@PHDTHESIS{Sbornian2004,
  author = {Sbornian, Wilson},
  title = {Um exemplo de tese de doutorado},
  school = {Instituto de Alguma Coisa, Universidade Sei L{\'a} de Onde},
  year = {2004},
  type = {Doutorado em Aeron{\'a}utica},
  address = {Santo Ant{\^o}nio da Patrulha},
  note = {1 CD--ROM},
  pages = {169},
  pagename = {f.},
  year-presented = {2004},
}
@BOOK{Silberschatz1991,
  title = {Operating system concepts},
  publisher = {Springer},
  year = {1991},
  author = {Abraham Silberschatz and James Lyle Peterson and Peter B. Galvin},
  address = {New York},
  edition = {3rd},
  xisbn = {2049-67-555},
  
}

@INBOOK{2008Accettura,
    author = {A. Accettura},
    title = {Advanced LOX-HC Engines for Boosters and Upper Stages},
    organization = {A. Accettura, C. Bruno (ed.)},
    year = {2008},
    booktitle = {Advanced Propulsion Systems and Technologies, Today to 2020},
    address={Reston},
    publisher = {American Institute of Aeronautics and Astronautics},
    pages = {91--116},
    series = {Progress in Astronautics and Aeronautics},
}

@misc{IBM2023LLM,
  author       = {IBM},
  title        = {O que é LLM (large language models)?},
  howpublished = {\url{https://www.ibm.com/br-pt/think/topics/large-language-models}},
  month        = nov,
  year         = {2023},
  note         = {Acesso em: 25 maio 2025}
}
@misc{IBM2023AGENTES,
  author       = {IBM},
  title        = {O que são agentes de IA?},
  howpublished = {\url{https://www.ibm.com/br-pt/think/topics/ai-agents}},
  month        = jul,
  year         = {2024},
  note         = {Acesso em: 25 maio 2025}
}